% This file was created with JabRef 2.9.2.
% Encoding: UTF8

@ARTICLE{Bell.2006,
  author = {Bell, M. and Chalmers M. and Barkhuus L. and Hall M. and Sherwood},
  title = {{I}nterweaving mobile games with everyday life: {I}n, {C}onference
	on {H}uman {F}actors in {C}omputing {S}ystems, 22-27 {A}pril 2006,
	pages pp. 417-426, {M}ontreal, {C}anada.},
  year = {2006},
  pages = {417--426}
}

@article{Jeannerod.2003,
  title={The mechanism of self-recognition in humans},
  author={Jeannerod, Marc},
  journal={Behavioural brain research},
  volume={142},
  number={1},
  pages={1--15},
  year={2003},
  publisher={Elsevier}
}

@BOOK{Magerkurth.2007a,
  title = {{C}oncepts and {T}echnologies for {P}ervasive {G}ames: {A} reader
	for pervasive gaming research vol. 2},
  publisher = {Shaker},
  year = {2007},
  author = {Carsten Magerkurth, Carsten R{\"o}cker},
  volume = {1},
  series = {{A} reader for pervasive gaming research},
  address = {Aachen},
  isbn = {3832262237}
}

@ARTICLE{Celtek.2010,
  author = {Celtek, E.},
  title = {{M}obile advergames in tourism marketing},
  journal = {Journal of Vacation Marketing},
  year = {2010},
  volume = {16},
  pages = {267--281},
  number = {4}
}

@BOOK{Cheok.2010,
  title = {{A}rt and technology of entertainment computing and communication:
	{A}dvances in interactive new media for entertainment computing},
  publisher = {Springer},
  year = {2010},
  author = {Cheok, Adrian David},
  address = {London and New York},
  isbn = {1849961379}
}

@ARTICLE{Schlieder.2013,
  author = {Schlieder, Christoph},
  title = {{G}eogames -- {G}estaltungsaufgaben und geoinformatische {L}{\"o}sungsans{\"a}tze:
	unver{\"o}ffentlichtes {M}anuskript, {U}niversit{\"a}t {B}amberg},
  year = {2013}
}

@ARTICLE{Schlieder.2005,
  author = {Schlieder, Christoph and Kiefer,  Peter and Matyas, Sebastian},
  title = {{G}eogames: {A} {C}onceptual {F}ramework and {T}ool for the {D}esign
	of {L}ocation-{B}ased {G}ames from {C}lassic {B}oard {G}ames},
  year = {2005},
  abstract = {Intelligent Technologies for Interactive Entertainment}
}

@ARTICLE{Schlieder.2006,
  author = {Schlieder, Christoph  and Kiefer, Peter and Matyas, Sebastian},
  title = {{G}eogames: {D}esigning {L}ocation-{B}ased {G}ame {G}eogames: {D}esigning
	{L}ocation-{B}ased {G}ames from {C}lassic {B}oard {L}ocation-{B}ased
	{G}a from {C}lassic {B}oard {G}ames from {C}l {G}ames},
  year = {2006}
}

@ARTICLE{Oxford.2013,
  author = {Oxford},
  title = {Oxford Dictionary 2013},
  year = {2013},
  publisher = {Oxford University Press}
}

@ARTICLE{Odobasic.2013,
  author = {Dra{\v{z}}en Odobasic, Damir MEDAK Mario MILER},
  title = {{G}amification of {G}eographic {D}ata {C}ollection},
  year = {2013}
}

@ARTICLE{FOSSGIS.2013,
  author = {FOSSGIS},
  title = {{A}nwenderkonferenz f{\"u}r {F}reie und {O}pen {S}ource {S}oftware
	f{\"u}r {G}eoinformationssysteme},
  year = {2013}
}

@ARTICLE{Girres.2010,
  author = {Girres, Jean-Fran{\c{c}}ois and Touya, Guillaume},
  title = {{Q}uality {A}ssessment of the {F}rench {O}pen{S}treet{M}ap {D}ataset},
  journal = {Transactions in GIS},
  year = {2010},
  volume = {14},
  pages = {435--459},
  number = {4}
}

@ARTICLE{Haklay.2010,
  author = {Haklay, Mordechai},
  title = {{H}ow good is volunteered geographical information? {A} comparative
	study of {O}pen{S}treet{M}ap and {O}rdnance {S}urvey datasets. {E}nvironment
	and planning. {B}, {P}lanning {\&} design 37.4 (2010): 682.},
  year = {2010}
}

@ARTICLE{Hecht.2013,
  author = {Hecht, Robert and Kunze, Carola and Hahmann, Stefan},
  title = {{M}easuring {C}ompleteness of {B}uilding {F}ootprints in {O}pen{S}treet{M}ap
	over {S}pace and {T}ime},
  journal = {ISPRS International Journal of Geo-Information},
  year = {2013},
  volume = {2},
  pages = {1066--1091},
  number = {4}
}

@BOOK{Kapp.2012,
  title = {The Gamification of Learning and Instruction. Game-Based Methods
	and Strategies for Training and Education},
  publisher = {Pfeiffer},
  year = {2012},
  author = {Kapp, Karl},
  adress = {USA, San Francisco}
}

@BOOK{Neeb.2013,
  title = {{H}ochschullehre in der {G}eographiedidaktik: {W}ie kann die {A}usbildung
	zuk{\"u}nftiger {L}ehrerinnen und {L}ehrer optimiert werden?},
  publisher = {Shaker},
  year = {2013},
  editor = {Neeb, Kerstin},
  author = {Kerstin Neeb, Ulrike Ohl, Johanna Schockemöhle},
  volume = {7},
  series = {{G}ie{\ss}ener geographische {M}anuskripte},
  address = {Aachen},
  isbn = {9783844020120}
}

@BOOK{Magerkurth.2007b,
  title = {{P}ervasive gaming applications},
  publisher = {Shaker},
  year = {2007},
  author = {Magerkurth, Carsten},
  volume = {2},
  series = {{A} reader for pervasive gaming research},
  address = {Aachen},
  isbn = {9783832262242}
}

@ARTICLE{Mannara.2012,
  author = {Mannara, Andrea},
  title = {{L}ocation-based games and the use of {G}{I}{S} information: {D}esign
	of a {D}{S}{L} for (re) locating a pervasive game. {D}iss. {N}orwegian
	{U}niversity of {S}cience and {T}echnology, 2012.},
  year = {2012},
  abstract = {Title Page is added to original pdf file that was created Jun 10.
	2012.}
}

@BOOK{Manns.2012,
  title = {{G}amification zur {S}teigerung der {M}itarbeitermotivation},
  year = {2012},
  author = {Manns, Claudia}
}

@BOOK{Marczewski.2013,
  title = {Gamification: A Simple Introduction},
  publisher = {Andrzej Marczewski},
  year = {2013},
  author = {Marczewski, A.},
  isbn = {9781471798665},
  url = {http://books.google.de/books?id=IOu9kPjlndYC}
}

@ARTICLE{MarekBell.2006,
  author = {Marek Bell, Matthew Chalmers Louise Barkhuus Malcolm Hall Scott Sherwood
	Paul Tennent Barry Brown Duncan Rowland Steve Benford Alastair Hampshire
	Mauricio Capra},
  title = {{I}nterweaving {M}obile {G}ames {W}ith {E}veryday {L}ife},
  year = {2006}
}

@ARTICLE{Breuer.2011,
  author = {Breuer Markus},
  title = {Was ist Gamification?},
  year = {2011},
  url = {http://intelligent-gamification.de/2011/05/11/was-ist-gamification/}
}

@PHDTHESIS{Matyas.2011,
  author = {Matyas, Sebastian},
  title = {{G}emeinschaftliche {Q}ualit{\"a}tsgesicherte {E}rhebung und {S}emantische
	{I}ntegration von {R}aumbezogenen {D}aten},
  year = {2011}
}

@BOOK{Maybury.2005,
  title = {{I}ntelligent technologies for interactive entertainment: {F}irst
	international conference, {I}{N}{T}{E}{T}{A}{I}{N} 2005, {M}adonna
	di {C}ampaglio, {I}taly, {N}ovember 30 - {D}ecember 2, 2005 ; proceedings},
  publisher = {Springer},
  year = {2005},
  author = {Maybury, Mark and Stock, Oliviero and Wahlster, Wolfgang},
  volume = {3814},
  series = {{L}ecture notes in computer science {L}ecture notes in artificial
	intelligence},
  address = {Berlin},
  abstract = {Look@ 183 315},
  institution = {INTETAIN and {INTETAIN 2005} and {International Conference on Intelligent
	Technologies for Interactive Entertainment}},
  isbn = {3540305092},
  url = {http://www.springerlink.com/openurl.asp?genre=issue\&issn=0302-9743\&volume=3814}
}

@BOOK{Mayra.2010,
  title = {{A}n introduction to game studies: {G}ames in culture},
  publisher = {SAGE},
  year = {2010},
  author = {Frans Mayra},
  address = {Los Angeles},
  edition = {Repr.},
  isbn = {9781412934466}
}

@INPROCEEDINGS{Montola.2005,
  author = {Montola, Markus},
  title = {{E}xploring the edge of the magic circle: {D}efining pervasive games},
  booktitle = {{P}roceedings of {D}{A}{C}},
  year = {2005},
  pages = {103}
}

@BOOK{Montola.2009,
  title = {{P}ervasive games: {T}heory and design ; [experiences on the boundary
	between life and play]},
  publisher = {Elsevier/Morgan Kaufmann},
  year = {2009},
  author = {Montola, Markus and Stenros, Jaakko and Waern, Annika},
  series = {{M}organ {K}aufmann game design books},
  address = {Amsterdam},
  isbn = {978-0-123-74853-9},
  url = {http://site.ebrary.com/lib/alltitles/docDetail.action?docID=10365016}
}

@ARTICLE{Neis.2011,
  author = {Pascal Neis, Dennis Zielstra and Alexander Zipf},
  title = {{T}he {S}treet {N}etwork {E}volution of {C}rowdsourced {M}aps: {O}pen{S}treet{M}ap
	in {G}ermany 2007--2011},
  journal = {Future Internet; Volume 4; Issue 1; Pages 1-21},
  year = {2011}
}

@ARTICLE{Kiefer.2005,
  author = {Kiefer, Peter and Matyas, Sebastian},
  title = {{T}{H}{E} {G}{E}{O}{G}{A}{M}{E}{S} {T}{O}{O}{L}: {B}{A}{L}{A}{N}{C}{I}{N}{G}
	{S}{P}{A}{T}{I}{O}-{T}{E}{M}{P}{O}{R}{A}{L} {D}{E}{S}{I}{G}{N} {P}{A}{R}{A}{M}{E}{T}{E}{R}{S}
	{I}{N} {L}{O}{C}{A}{T}{I}{O}{N}-{B}{A}{S}{E}{D} {G}{A}{M}{E}{S}},
  year = {2005}
}

@inproceedings{Kiefer.2005b,
  title={State space analysis as a tool in the design of a smart opponent for a location-based game},
  author={Kiefer, Peter and Matyas, Sebastian and Schlieder, Christoph},
  booktitle={Proceedings of the Games Convention Developer Conference “Computer Science and Magic”, Leipzig, Germany},
  year={2005}
}

@ARTICLE{Kiefer.2007,
  author = {Kiefer, Peter and Matyas, Sebastian and Schlieder, Christoph},
  title = {{P}laying {L}ocation-based {G}ames on {G}eographically {D}istributed
	{G}ame {B}oards},
  year = {2007}
}

@ARTICLE{Kiefer.2007b,
  author = {Kiefer, Peter and Matyas, Sebastian and Schlieder, Christoph},
  title = {{P}laying on a line: {L}ocation-based games for linear trips},
  year = {2007}
}

@ARTICLE{Kiefer.2006,
  author = {Kiefer, Peter and Matyas, Sebastian and Schlieder, Christoph},
  title = {{S}ystematically {E}xploring the {D}esign {S}pace of {L}ocation-
	based {G}ames},
  year = {2006}
}

@INPROCEEDINGS{Pfoser.2013,
  author = {Pfoser, Dieter and Voisard, Agn{\`e}s and Estima, Jacinto and Painho,
	Marco},
  title = {{E}xploratory analysis of {O}pen{S}treet{M}ap for land use classification},
  booktitle = {the {S}econd {A}{C}{M} {S}{I}{G}{S}{P}{A}{T}{I}{A}{L} {I}nternational
	{W}orkshop},
  year = {2013},
  pages = {39--46}
}

@BOOK{Poslad.2011,
  title = {{U}biquitous {C}omputing: {S}mart {D}evices, {E}nvironments and {I}nteractions},
  publisher = {Wiley},
  year = {2011},
  author = {Poslad, Stefan},
  address = {s.l},
  edition = {2},
  isbn = {9780470035603},
  url = {http://ebooks.ciando.com/book/index.cfm/bok_id/875100}
}

@ARTICLE{Rashid.2006a,
  author = {Rashid, Omer and Mullins Ian and Coulton Paul and Edwards Reuben},
  title = {{E}xtending {C}yberspace:{L}ocation {B}ased {G}ames {U}sing {C}ellular
	{P}hones},
  journal = {(2006) Extending Cyberspace:Location Based Games Using Cellular Phones.
	Computers in Entertainment (CIE), 4 (1). pp. 1-18. ISSN 1544-3574},
  year = {2006}
}

@BOOK{Salen.2010,
  title = {{R}ules of play: {G}ame design fundamentals},
  publisher = {The MIT Press},
  year = {2010},
  author = {Salen, Katie and Zimmerman, Eric},
  address = {Cambridge and Mass},
  edition = {[Nachdr.]},
  isbn = {0-262-24045-9}
}

@BOOK{Salt.2012,
  title = {{S}ocial {L}ocation {M}arketing: {E}rreichen {S}ie {I}hre {K}unden
	mit {L}okalisierungsdiensten},
  publisher = {Addison Wesley},
  year = {2012},
  author = {Salt, Simon},
  series = {{A}lways learning},
  address = {M{\"u}nchen u.a},
  isbn = {9783827331083}
}

@inproceedings{Deterding.2011,
  title={From game design elements to gamefulness: defining gamification},
  author={Deterding, Sebastian and Dixon, Dan and Khaled, Rilla and Nacke, Lennart},
  booktitle={Proceedings of the 15th International Academic MindTrek Conference: Envisioning Future Media Environments},
  pages={9--15},
  year={2011},
  organization={ACM}
}

@ARTICLE{SebastianMatyas.2008,
  author = {Sebastian Matyas, Christian Matyas Christoph Schlieder Peter Kiefer},
  title = {{C}ity{E}xplorer - {A} {G}eogame {E}xtending the {M}agic {C}ircle},
  year = {2008}
}

@BOOK{Zichermann.2011,
  title = {{G}amification by design: {I}mplementing game mechanics in web and
	mobile apps. - {P}ublisher from cover},
  publisher = {O'Reilly},
  year = {2011},
  author = {Zichermann, Gabe and Cunningham, Christopher},
  address = {S.l},
  isbn = {978-1-449-39767-8}
}

@BOOK{Zichermann.2013,
  title = {{T}he gamification revolution: {H}ow leaders leverage game mechanics
	to crush the competition},
  publisher = {McGraw Hill Education},
  year = {2013},
  author = {Zichermann, Gabe and Linder, Joselin},
  address = {New York and NY},
  isbn = {9780071808316}
}

@BOOK{Csikszentmihalyi.1991,
  title={Flow, The Psychology of Optimal Experience, Steps towards enchancing the quality of life.},
  author={Csikszentmihalyi, M},
  year={1991},
  publisher={Harper\&Row, Publishers}
}

@article{Benford.2005,
  title={Bridging the physical and digital in pervasive gaming},
  author={Benford, Steve and Magerkurth, Carsten and Ljungstrand, Peter},
  journal={Communications of the ACM},
  volume={48},
  number={3},
  pages={54--57},
  year={2005},
  publisher={ACM}
}

@article{Oreilly.2007,
  title={What is Web 2.0: Design patterns and business models for the next generation of software.},
  author={O'reilly, Tim},
  journal={Communications \& strategies},
  number={65},
  year={2007}
}

@online{Wien.2014,
title={Wien Open Data},
author={Stadt Wien},
url={https://open.wien.at},
year={2014},
note = {abgerufen am: 11.02.2014}
}

@online{Hamburg.2014,
title={Hamburg Open Data},
author={Stadt Hamburg},
url={http://daten.hamburg.de/},
year={2014},
note = {abgerufen am: 11.02.2014}
}

@online{Berlin.2014,
title={Berlin Open Data},
author={Stadt Berlin},
url={http://daten.berlin.de/},
year={2014},
note = {abgerufen am: 11.02.2014}
}

@online{Denmark.2014,
title={Denmark Open Data},
author={Center for Digitization},
url={http://digitaliser.dk/ressourcer},
year={2014},
note = {abgerufen am: 11.02.2014}
}

@article{Flanagin.2008,
  title={The credibility of volunteered geographic information},
  author={Flanagin, Andrew J and Metzger, Miriam J},
  journal={GeoJournal},
  volume={72},
  number={3-4},
  pages={137--148},
  year={2008},
  publisher={Springer}
}

@article{Goodchild.2007,
  title={Citizens as sensors: the world of volunteered geography},
  author={Goodchild, Michael F},
  journal={GeoJournal},
  volume={69},
  number={4},
  pages={211--221},
  year={2007},
  publisher={Springer}
}

@article{Zook.2010,
  title={Volunteered geographic information and crowdsourcing disaster relief: a case study of the Haitian earthquake},
  author={Zook, Matthew and Graham, Mark and Shelton, Taylor and Gorman, Sean},
  journal={World Medical \& Health Policy},
  volume={2},
  number={2},
  pages={7--33},
  year={2010},
  publisher={Wiley Online Library}
}

@inproceedings{Meyer.2013,
  title={Using crowdsourced geographic information from OpenStreetMap for discrete event simulation of logistic systems},
  author={Meyer, Torben and Trojahn, Matthias and Strassburger, Steffen},
  booktitle={Proceedings of the 46th Annual Simulation Symposium},
  pages={2},
  year={2013},
  organization={Society for Computer Simulation International}
}

@online{OSM.2013,
title={Active Contributors until 2013-12},
author={Openstreemaps},
year={2013},
url={http://wiki.openstreetmap.org/wiki/File:Active_contributors_month_201312.png},
ote={Abgerufen am: 03.03.2014}
}

@online{OSM.2013b,
title={64-bit Identifiers},
author={Openstreemaps},
year={2013},
url={http://wiki.openstreetmap.org/wiki/64-bit_Identifiers},
note={Abgerufen am: 03.03.2014}
}

@online{Leigh.2012,
title={Smart Insurers turn to Gamification as a way to Change Agent Behavior},
author={Steven Leigh},
year={2012},
publisher={Infosys},
url={http://www.infosysbpo.com/offerings/industries/insurance/Documents/insurance-journal-2012.pdf},
note = {abgerufen am: 11.02.2014}
}

@incollection{Wagner.2005,
year={2005},
isbn={978-3-540-21144-0},
booktitle={Handbuch Kundenzufriedenheit},
doi={10.1007/3-540-27050-7_8},
title={Kundenbindung: Miles \& More — Kundenbindung in der Luft},
url={http://dx.doi.org/10.1007/3-540-27050-7_8},
publisher={Springer Berlin Heidelberg},
author={Wagner, Oliver},
pages={135-153}
}

@incollection{Schmitt.2001,
year={2001},
isbn={978-3-409-11767-8},
booktitle={Effektives Customer Relationship Management},
editor={Helmke, Stefan and Dangelmaier, Wilhelm},
doi={10.1007/978-3-322-82348-9_4},
title={Chancen für Loyalitätsprogramme durch das Internet: das Beispiel Lufthansa Miles \& More},
url={http://dx.doi.org/10.1007/978-3-322-82348-9_4},
publisher={Gabler Verlag},
author={Schmitt, Christina},
pages={85-99},
language={German}
}

@article{Roesl.2005,
year={2005},
issn={0043-6275},
journal={Wirtschaftsdienst},
volume={85},
number={3},
doi={10.1007/s10273-005-0354-2},
title={Regionalwährungen in Deutschland},
url={http://dx.doi.org/10.1007/s10273-005-0354-2},
publisher={Springer-Verlag},
author={Rösl, Gerhard},
pages={182-190},
language={German}
}

@book{Bartle.2004,
  title={Designing virtual worlds},
  author={Bartle, Richard A},
  year={2004},
  publisher={New Riders}
}

@online{DWN.2012,
title={Einzelhandel mit stärkstem Umsatzeinbruch seit vier Jahren},
author={Deutsche Wirtschafts Nachrichten},
year={2012},
publisher={Deutsche Wirtschafts Nachrichten},
url={http://deutsche-wirtschafts-nachrichten.de/2012/11/30/einzelhandel-mit-staerkstem-umsatzeinbruch-seit-vier-jahren-2/},
note = {abgerufen am: 11.02.2014}
}

@incollection{Celino.2013,
year={2013},
isbn={978-1-4614-8805-7},
booktitle={Handbook of Human Computation},
editor={Michelucci, Pietro},
doi={10.1007/978-1-4614-8806-4_25},
title={Location-Based Games for Citizen Computation},
url={http://dx.doi.org/10.1007/978-1-4614-8806-4_25},
publisher={Springer New York},
author={Celino, Irene},
pages={297-316},
language={English}
}

@inproceedings{Caon.2013,
 author = {Caon, Maurizio and Mugellini, Elena and Abou Khaled, Omar},
 title = {A Pervasive Game to Promote Social Offline Interaction},
 booktitle = {Proceedings of the 2013 ACM Conference on Pervasive and Ubiquitous Computing Adjunct Publication},
 series = {UbiComp '13 Adjunct},
 year = {2013},
 isbn = {978-1-4503-2215-7},
 location = {Zurich, Switzerland},
 pages = {1381--1384},
 numpages = {4},
 url = {http://doi.acm.org/10.1145/2494091.2497359},
 doi = {10.1145/2494091.2497359},
 acmid = {2497359},
 publisher = {ACM},
 address = {New York, NY, USA},
 keywords = {offline interaction, pervasive games, social interaction, ubiquitous computing},
}

@article{Bromley.2013,
  title={14 Playing to Win?},
  author={Bromley, Steve and Mirza-Babaei, Pejman and McAllister, Graham and Napier, Jonathan},
  journal={Multiplayer: The Social Aspects of Digital Gaming},
  pages={172},
  year={2013},
  publisher={Routledge}
}

@INPROCEEDINGS{Bethke.2007,
  author = {E. Bethke},
  title = {MMO goal structures as a panacea},
  booktitle = {Proceedings of the Austin Game Developers Conference 2007},
  year = {2007},
  address = {Austin, Texas}
}

@inproceedings{Lindqvist.2011,
  title={I'm the mayor of my house: examining why people use foursquare-a social-driven location sharing application},
  author={Lindqvist, Janne and Cranshaw, Justin and Wiese, Jason and Hong, Jason and Zimmerman, John},
  booktitle={Proceedings of the SIGCHI Conference on Human Factors in Computing Systems},
  pages={2409--2418},
  year={2011},
  organization={ACM}
}

@online{Ingress.2014,
title={Ingress Survey 2014},
author={Lui},
year={2014},
url={http://goo.gl/ljQkqx},
note={Abgerufen am: 04.03.2014}
}

@inproceedings{He.2011,
  title={Location cheating: A security challenge to location-based social network services},
  author={He, Wenbo and Liu, Xue and Ren, Mai},
  booktitle={Distributed Computing Systems (ICDCS), 2011 31st International Conference on},
  pages={740--749},
  year={2011},
  organization={IEEE}
}

@article{Djuknic.2001,
  title={Geolocation and assisted GPS},
  author={Djuknic, Goran M and Richton, Robert E},
  journal={Computer},
  volume={34},
  number={2},
  pages={123--125},
  year={2001},
  publisher={IEEE}
}

@article{Rashid.2006b,
 author = {Rashid, Omer and Bamford, Will and Coulton, Paul and Edwards, Reuben and Scheible, Jurgen},
 title = {PAC-LAN: Mixed-reality Gaming with RFID-enabled Mobile Phones},
 journal = {Comput. Entertain.},
 issue_date = {October-December 2006},
 volume = {4},
 number = {4},
 month = oct,
 year = {2006},
 issn = {1544-3574},
 articleno = {4},
 url = {http://doi.acm.org/10.1145/1178418.1178425},
 doi = {10.1145/1178418.1178425},
 acmid = {1178425},
 publisher = {ACM},
 address = {New York, NY, USA},
 keywords = {Mobile, RFID, location-based, mixed reality}
} 

@inproceedings{Coulton.2006,
  title={Experiencing ‘touch’in mobile mixed reality games},
  author={Coulton, Paul and Rashid, Omer and Bamford, Will},
  booktitle={International Conference in Computer Game Design and Technology},
  year={2006}
}

@incollection{Heinemann.2014,
year={2014},
isbn={978-3-658-03967-7},
booktitle={SoLoMo - Always-on im Handel},
doi={10.1007/978-3-658-03968-4_3},
title={Location Based Services als Basisfaktor Nr. 2 des SoLoMo},
url={http://dx.doi.org/10.1007/978-3-658-03968-4_3},
publisher={Springer Fachmedien Wiesbaden},
author={Heinemann, Gerrit},
pages={65-118},
language={German}
}

@online{Tesco.2012,
year={2012},
title={Tesco Homeplus expands number of virtual stores},
author={Tesco},
url={http://www.tescoplc.com/index.asp?pageid=17&newsid=593},
note={Abgerufen: 05.03.2014}
}

@article{Do.2013,
  title={Human interaction discovery in smartphone proximity networks},
  author={Do, Trinh Minh Tri and Gatica-Perez, Daniel},
  journal={Personal and Ubiquitous Computing},
  volume={17},
  number={3},
  pages={413--431},
  year={2013},
  publisher={Springer}
}

@inproceedings{Consalvo.2005,
  title={Gaining Advantage: How Videogame Players Define and Negotiate Cheating.},
  author={Consalvo, Mia},
  booktitle={DIGRA Conf.},
  year={2005}
}

@inproceedings{Yan.2005,
  title={A systematic classification of cheating in online games},
  author={Yan, Jeff and Randell, Brian},
  booktitle={Proceedings of 4th ACM SIGCOMM workshop on Network and system support for games},
  pages={1--9},
  year={2005},
  organization={ACM}
}

@article{Grafarend.1998,
  title={Transformation of conformai coordinates of type Mercator from a global datum (WGS 84) to a local datum (Regional, national)},
  author={Grafarend, E and Okeke, F},
  journal={Marine Geodesy},
  volume={21},
  number={3},
  pages={169--180},
  year={1998},
  publisher={Taylor \& Francis}
}

@incollection{Grafarend.1995,
year={1995},
isbn={978-3-540-59421-5},
booktitle={Geodetic Theory Today},
volume={114},
series={International Association of Geodesy Symposia},
editor={Sansò, Fernando},
doi={10.1007/978-3-642-79824-5_13},
title={The Optimal Universal Transverse Mercator Projection},
url={http://dx.doi.org/10.1007/978-3-642-79824-5_13},
publisher={Springer Berlin Heidelberg},
author={Grafarend, E.},
pages={51-51},
language={English}
}

@book{Papula.2006,
  title={Mathematische Formelsammlung f{\"u}r Ingenieure und Naturwissenschaftler},
  author={Papula, Lothar},
  volume={7},
  year={2006},
  publisher={Springer}
}

@article{Winkler.2006,
  title={Receptiveness of gamers to embedded brand messages in advergames: Attitudes towards product placement},
  author={Tina, Winkler and Buckner, Kathy},
  journal={Journal of Interactive Advertising},
  volume={7},
  number={1},
  pages={3--32},
  year={2006},
  publisher={Taylor \& Francis}
}

@article{Nelson.2004,
  title={Advertainment or adcreep game players’ attitudes toward advertising and product placements in computer games},
  author={Nelson, Michelle R and Keum, Heejo and Yaros, Ronald A},
  journal={Journal of Interactive Advertising},
  volume={5},
  number={1},
  pages={3--21},
  year={2004},
  publisher={Taylor \& Francis}
}

@article{Nelson.2002,
  title={Recall of brand placements in computer/video games},
  author={Nelson, Michelle R},
  journal={Journal of advertising research},
  volume={42},
  number={2},
  pages={80--92},
  year={2002},
  publisher={Advertising Research Foundation}
}

@inproceedings{Ducheneaut.2006,
  title={Alone together?: exploring the social dynamics of massively multiplayer online games},
  author={Ducheneaut, Nicolas and Yee, Nicholas and Nickell, Eric and Moore, Robert J},
  booktitle={Proceedings of the SIGCHI conference on Human Factors in computing systems},
  pages={407--416},
  year={2006},
  organization={ACM}
}

@article{Mallinckrodt.2007,
  title={The effects of playing an advergame on young children's perceptions, preferences, and requests},
  author={Mallinckrodt, Victoria and Mizerski, Dick},
  journal={Journal of Advertising},
  volume={36},
  number={2},
  pages={87--100},
  year={2007},
  publisher={Taylor \& Francis}
}

@misc{Chen.2001,
    author = {Chen, J. and Ringel, M.},
    citeulike-article-id = {1245486},
    keywords = {bibtex-import},
    posted-at = {2007-04-23 14:43:00},
    priority = {2},
    publisher = {Retrieved from http://www. locz. com. br/loczgames/advergames. pdf},
    title = {{Can Advergaming be the Future of Interactive Advertising?}},
    year = {2001}
}


@article {Dahl.2009,
	author = {Dahl, Stephan and Eagle, Lynne and Báez, Carlos},
	title = {Analyzing advergames: active diversions or actually deception. An exploratory study of online advergames content},
	journal = {Young Consumers: Insight and Ideas for Responsible Marketers},
	volume = {10},
	number = {1},
	year = {2009},
	pages = {46-59},
	url = {http://www.ingentaconnect.com/content/mcb/yc/2009/00000010/00000001/art00004},
	doi = {doi:10.1108/17473610910940783},
	keyword = {Advertising, Children (age groups), Internet, Regulation, Video games}
}

@online {Gartner.2013,
author = {Gartner},
title={Gartner Says Annual Smartphone Sales Surpassed Sales of Feature Phones for the First Time in 2013},
year={2013},
url = {http://www.gartner.com/newsroom/id/2665715},
note={Abgerufen am: 05.03.2014}
}

@online{Wikipedia.2014,
author = {Wikipedia},
title = {World Wide Smartphone Sales Share - Diagram based on Gartner},
year = {2014},
url = {http://en.wikipedia.org/wiki/File:World_Wide_Smartphone_Sales_Share.png},
note={Abgerufen am: 05.03.2014}
}

@article{Charland.2011,
  title={Mobile application development: web vs. native},
  author={Charland, Andre and Leroux, Brian},
  journal={Communications of the ACM},
  volume={54},
  number={5},
  pages={49--53},
  year={2011},
  publisher={ACM}
}

@book{Holdener.2011,
  title={HTML5 Geolocation},
  author={Holdener, Anthony T},
  year={2011},
  publisher={O'Reilly Media, Inc.}
}

@inproceedings{Ballagas.2007,
  title={REXplorer: a mobile, pervasive spell-casting game for tourists},
  author={Ballagas, Rafael A and Kratz, Sven G and Borchers, Jan and Yu, Eugen and Walz, Steffen P and Fuhr, Claudia O and Hovestadt, Ludger and Tann, Martin},
  booktitle={CHI'07 extended abstracts on Human factors in computing systems},
  pages={1929--1934},
  year={2007},
  organization={ACM}
}

@article{Benford.2003,
  title={Coping with uncertainty in a location-based game},
  author={Benford, Steve and Drozd, Adam and Crabtree, Andy and Anastasi, Rob and Flintham, Martin and Row-Farr, Ju and Greenhalgh, Chris and Adams, Matt and Tandavanitj, Nick},
  journal={IEEE pervasive computing},
  volume={2},
  number={3},
  pages={34--41},
  year={2003},
  publisher={IEEE Computer Society}
}

@article{Ramthun.2012,
  title={Offene Geodaten durch OpenStreetMap},
  author={Ramthun, Roland},
  journal={Open Initiatives: Offenheit in der digitalen Welt und Wissenschaft},
  pages={159},
  year={2012},
  publisher={Ulrich Herb}
}

@online{Odbl.2014,
  title={Open Database License (ODbL) v1.0},
  author={Open Data Commons},
  year={2014},
  url={http://opendatacommons.org/licenses/odbl/1.0/}
}

@inproceedings{Atkin.1999,
  title={Capture the Flag: Military simulation meets computer games},
  author={Atkin, Marc S and Westbrook, David L and Cohen, Paul R},
  booktitle={Proceedings of AAAI Spring Symposium Series on AI and Computer Games},
  pages={1--5},
  year={1999}
}

@article{Golle.2005,
  title={Preventing bots from playing online games},
  author={Golle, Philippe and Ducheneaut, Nicolas},
  journal={Computers in Entertainment (CIE)},
  volume={3},
  number={3},
  pages={3--3},
  year={2005},
  publisher={ACM}
}

@inproceedings{Gutwin.2004,
  title={Revealing delay in collaborative environments},
  author={Gutwin, Carl and Benford, Steve and Dyck, Jeff and Fraser, Mike and Vaghi, Ivan and Greenhalgh, Chris},
  booktitle={Proceedings of the SIGCHI conference on Human factors in computing systems},
  pages={503--510},
  year={2004},
  organization={ACM}
}

@inproceedings{Guerini.2010,
  title={Evaluation Metrics for Persuasive NLP with Google AdWords.},
  author={Guerini, Marco and Strapparava, Carlo and Stock, Oliviero},
  booktitle={LREC},
  year={2010}
}

@article{Forman.2009,
  title={Competition between local and electronic markets: How the benefit of buying online depends on where you live},
  author={Forman, Chris and Ghose, Anindya and Goldfarb, Avi},
  journal={Management Science},
  volume={55},
  number={1},
  pages={47--57},
  year={2009},
  publisher={INFORMS}
}

@online{Olbricht.2014,
title = {Overpass API Output Formats},
author = {Olbricht, Roland},
url={http://overpass-api.de/output_formats.html},
note = {Abgerufen am: 18.03.2014}
}

@article{Nurseitov.2009,
  title={Comparison of JSON and XML Data Interchange Formats: A Case Study.},
  author={Nurseitov, Nurzhan and Paulson, Michael and Reynolds, Randall and Izurieta, Clemente},
  journal={Caine},
  volume={9},
  pages={157--162},
  year={2009}
}

@inproceedings{Stolze.2003,
  title={SQL/MM Spatial-The Standard to Manage Spatial Data in a Relational Database System.},
  author={Stolze, Knut},
  booktitle={BTW},
  volume={2003},
  pages={247--264},
  year={2003}
}

@article{Cattell.1991,
  title={Next-generation database systems},
  author={Cattell, RGG},
  journal={Communications of the ACM},
  volume={34},
  number={10},
  pages={30--33},
  year={1991},
  publisher={ACM}
}

@article{Burleson.1994,
  title={OODBMSs gaining MIS ground but RDBMSs still own the road},
  author={Burleson, Donald},
  journal={Software Magazine},
  volume={14},
  number={11},
  pages={63--68},
  year={1994},
  publisher={Wiesner Publishing, LLC}
}

@inproceedings{Van.2006,
  title={Comparing the performance of object databases and ORM tools},
  author={Van Zyl, Pieter and Kourie, Derrick G and Boake, Andrew},
  booktitle={Proceedings of the 2006 annual research conference of the South African institute of computer scientists and information technologists on IT research in developing countries},
  pages={1--11},
  year={2006},
  organization={South African Institute for Computer Scientists and Information Technologists}
}

@book{Brinkhoff.2005,
  title={Geodatenbanksysteme in Theorie und Praxis},
  author={Brinkhoff, Thomas},
  year={2005},
  publisher={Wichmann Heidelberg}
}

@online{WWWtechs.2014,
title={Usage of server-side programming languages for websites},
author={WWWtechs},
year={2014},
url={http://w3techs.com/technologies/overview/programming_language/all},
note={Abgerufen am: 20.03.2014}
}

@book{Deitel.2008,
 author = {Deitel, Paul and Deitel, Harvey},
 title = {Deitel\&\#174; Developer Series Ajax, Rich Internet Applications, and Web Development for Programmers},
 year = {2008},
 isbn = {9780137142309},
 edition = {First},
 publisher = {Prentice Hall Press},
 address = {Upper Saddle River, NJ, USA},
}

@inproceedings{Livshits.2007,
  title={Using web application construction frameworks to protect against code injection attacks},
  author={Livshits, Benjamin and Erlingsson, {\'U}lfar},
  booktitle={Proceedings of the 2007 workshop on Programming languages and analysis for security},
  pages={95--104},
  year={2007},
  organization={ACM}
}

@ARTICLE{Schwabe.2001, 
author={Schwabe, D. and Esmeraldo, L. and Rossi, Gustavo and Lyardet, F.}, 
journal={MultiMedia, IEEE}, 
title={Engineering Web applications for reuse}, 
year={2001}, 
month={Jan}, 
volume={8}, 
number={1}, 
pages={20-31}, 
keywords={hypermedia;information resources;object-oriented programming;software reusability;OOHDM-Frame;Web application engineering;conceptual approach;context schemas;design frameworks;design reuse;design structures;key architectural components;object oriented hypermedia design extension;Conference management;Database languages;Electronic mail;Navigation;Unified modeling language}, 
doi={10.1109/93.923950}, 
ISSN={1070-986X}
}

@incollection{Weinberger.2011,
  title={A systematic analysis of xss sanitization in web application frameworks},
  author={Weinberger, Joel and Saxena, Prateek and Akhawe, Devdatta and Finifter, Matthew and Shin, Richard and Song, Dawn},
  booktitle={Computer Security--ESORICS 2011},
  pages={150--171},
  year={2011},
  publisher={Springer}
}

@article{Bachle.2007,
  title={Ruby on Rails.},
  author={B{\"a}chle, Michael and Kirchberg, Paul},
  journal={IEEE Software},
  volume={24},
  number={6},
  pages={105--108},
  year={2007}
}

@book{Tate.2006,
  title={Ruby on Rails: Up and Running: Up and Running},
  author={Tate, Bruce A and Hibbs, Curt},
  year={2006},
  publisher={O'Reilly Media, Inc.}
}

@article{Qiuhui.2002,
  title={Study on mvc model2 and struts framework},
  author={Qiuhui, HC},
  journal={Computer Engineering},
  volume={6},
  pages={109},
  year={2002}
}

@book{Derrough.2013,
  title={Instant Interactive Map Designs with Leaflet Javascript Library How-To},
  author={Derrough, Jonathan},
  year={2013},
  publisher={Packt Publishing}
}

@online{Ohloh.2014,
author={Ohloh},
title={Comparision of OpenLayers and Leaflet},
year={2014},
url={http://www.ohloh.net/p/compare?project_0=OpenLayers&project_1=Leaflet},
note={Abgerufen am: 20.03.2014}

}

@inproceedings{Bird.2009,
  title={The promises and perils of mining git},
  author={Bird, Christian and Rigby, Peter C and Barr, Earl T and Hamilton, David J and German, Daniel M and Devanbu, Prem},
  booktitle={Mining Software Repositories, 2009. MSR'09. 6th IEEE International Working Conference on},
  pages={1--10},
  year={2009},
  organization={IEEE}
}

@misc{Butler.2008,
  title={The GeoJSON Format Specification},
  author={Butler, Howard and Daly, Martin and Doyle, Allan and Gillies, Sean and Schaub, Tim and Schmidt, Christopher},
  journal={2009-03]. http://www. geojson. org/geojson-spec. html},
  year={2008}
}

@article{Karich.2014,
title={GraphHopper Maps: Fast Road Routing in 100-Percent Java},
journal={Java Magazone},
year={2014},
author={Peter Karich},
number={1/2014},
pages={71-73},
publisher={Oracle}
}

@book{Pol.2002,
  title={Software testing: a guide to the TMap approach},
  author={Pol, Martin and Teunissen, Ruud and Van Veenendaal, Erik},
  year={2002},
  publisher={Pearson Education}
}

@book{Schoeneberger.2002,
  title={Field Book for Describing and Sampling Soils, Version 3. 0},
  author={Schoeneberger, Philip J},
  year={2002},
  publisher={Government Printing Office}
}

@article{Maling.1991,
  title={Coordinate systems and map projections for GIS},
  author={Maling, DH},
  journal={Geographical Information Systems: Principles and Applications. John Wiley \& sons},
  pages={135--146},
  year={1991}
}

@misc{Barzegar.1996,
  title={Wireless information system for acquiring location related information},
  author={Barzegar, Farhad and Gerszberg, Irwin and McGowan III, Martin J and Schroeder, Robert E},
  year={1996},
  month=sep # "~24",
  publisher={Google Patents},
  note={US Patent 5,559,520}
}

@incollection{Gamble.2013,
  title={JavaScript and CSS},
  author={Gamble, Adam and Carneiro, Cloves and Al Barazi, Rida},
  booktitle={Beginning Rails 4},
  pages={191--201},
  year={2013},
  publisher={Springer}
}

@online{Pelling.2011,
  title={The (short) prehistory of gamification},
  author={Pelling, Nick},
  url={http://nanodome.wordpress.com/2011/08/09/the-short-prehistory-of-gamification/},
  note={Abgerufen am: 20.03.2014}  
}

@book{Loh.2012,
  title={Informationskompetenz in der Schule: ein informationswissenschaftlicher Ansatz},
  author={von Loh, Sonja Gust and Stock, Wolfgang G},
  year={2012},
  publisher={Walter de Gruyter}
}

@inproceedings{Bateman.2011,
  title={Target assistance for subtly balancing competitive play},
  author={Bateman, Scott and Mandryk, Regan L and Stach, Tadeusz and Gutwin, Carl},
  booktitle={Proceedings of the SIGCHI Conference on Human Factors in Computing Systems},
  pages={2355--2364},
  year={2011},
  organization={ACM}
}

@article{Simanowski.2008,
  title={Digitale Medien in der Erlebnisgesellschaft},
  author={Simanowski, Roberto},
  journal={Kultur--Kunst--Utopien. Reinbek b. Hamburg: Rowohlt},
  year={2008}
}

@book{Berendt.1999,
  title={Representation and Processing of Knowledge about Distances in Environmental Space},
  author={Berendt, Bettina},
  year={1999},
  publisher={Citeseer}
}

@article{Nieuwdorp.2007,
  title={The pervasive discourse: an analysis},
  author={Nieuwdorp, Eva},
  journal={Computers in Entertainment (CIE)},
  volume={5},
  number={2},
  pages={13},
  year={2007},
  publisher={ACM}
}

@article{Bjork.2007,
  title={Changing Urban Perspectives},
  author={Bj{\"o}rk, Staffan},
  journal={Space Time Play},
  pages={276--279},
  year={2007},
  publisher={Springer}
}

@inproceedings{Flintham.2003,
  title={Where on-line meets on the streets: experiences with mobile mixed reality games},
  author={Flintham, Martin and Benford, Steve and Anastasi, Rob and Hemmings, Terry and Crabtree, Andy and Greenhalgh, Chris and Tandavanitj, Nick and Adams, Matt and Row-Farr, Ju},
  booktitle={Proceedings of the SIGCHI conference on Human factors in computing systems},
  pages={569--576},
  year={2003},
  organization={ACM}
}

@inproceedings{Cheok.2003,
  title={Human Pacman: a sensing-based mobile entertainment system with ubiquitous computing and tangible interaction},
  author={Cheok, Adrian David and Fong, Siew Wan and Goh, Kok Hwee and Yang, Xubo and Liu, Wei and Farzbiz, Farzam},
  booktitle={Proceedings of the 2nd workshop on Network and system support for games},
  pages={106--117},
  year={2003},
  organization={ACM}
}

@article{Hinske.2007,
  title={Classifying pervasive games: on pervasive computing and mixed reality},
  author={Hinske, Steve and Lampe, Matthias and Magerkurth, Carsten and R{\"o}cker, Carsten},
  journal={Concepts and technologies for Pervasive Games-A Reader for Pervasive Gaming Research},
  volume={1},
  pages={20},
  year={2007}
}

@article{Athanasiadis.1999,
  title={A simple bijection for the regions of the Shi arrangement of hyperplanes},
  author={Athanasiadis, Christos A and Linusson, Svante},
  journal={Discrete mathematics},
  volume={204},
  number={1},
  pages={27--39},
  year={1999},
  publisher={Elsevier}
}